<?xml version="1.0" encoding="UTF-8"?><collection xmlns="http://www.loc.gov/MARC21/slim"><record><leader>00355nam--2200133-i-4500</leader><controlfield tag="001">000036246</controlfield><controlfield tag="002">20161230</controlfield><controlfield tag="005">20161230201040</controlfield><controlfield tag="008">060222s1000------------r-----000-0-eng-d</controlfield><datafield ind1=" " ind2=" " tag="080"><subfield code="a">621.395.5</subfield></datafield><datafield ind1=" " ind2=" " tag="100"><subfield code="a">Novicov, V.A.Si Rezviacov, A.P</subfield></datafield><datafield ind1=" " ind2=" " tag="245"><subfield code="a">Comunicatii la mare distanta. trad.din l.rusa</subfield></datafield><datafield ind1=" " ind2=" " tag="260"><subfield code="a">Bucuresti, Ed.Tehnica, 1953, 590p</subfield></datafield><datafield ind1=" " ind2=" " tag="852"><subfield code="a">3153</subfield></datafield></record></collection>